<?xml version="1.0" encoding="UTF-8"?><collection xmlns="http://www.loc.gov/MARC21/slim"><record><leader>00317nam--2200121-i-4500</leader><controlfield tag="001">000003019</controlfield><controlfield tag="002">20161230</controlfield><controlfield tag="005">20161230201025</controlfield><controlfield tag="008">060222s1000------------r-----000-0-eng-d</controlfield><datafield ind1=" " ind2=" " tag="100"><subfield code="a">Dumas, Maurice</subfield></datafield><datafield ind1=" " ind2=" " tag="245"><subfield code="a">Les epreuves sur echantillon. preface de frechet</subfield></datafield><datafield ind1=" " ind2=" " tag="260"><subfield code="a">Paris,S Cnrs, 1955</subfield></datafield><datafield ind1=" " ind2=" " tag="490"><subfield code="a">Cnrs.A Appl.Math.Iii</subfield></datafield></record></collection>